<record><leader>00000cas a22000007a 4500</leader><controlfield tag="001">11429299</controlfield><controlfield tag="008">841128d18771899nhuwr ne      0   a0eng d</controlfield><datafield ind1=" " ind2=" " tag="010"><subfield code="a">sn 84027694 </subfield></datafield><datafield ind1=" " ind2=" " tag="040"><subfield code="a">NPU</subfield><subfield code="b">eng</subfield><subfield code="c">NPU</subfield><subfield code="d">NVH</subfield><subfield code="d">OCLCQ</subfield></datafield><datafield ind1=" " ind2=" " tag="042"><subfield code="a">msc</subfield></datafield><datafield ind1="0" ind2=" " tag="130"><subfield code="a">Mountaineer (Gorham, N.H. : 1877)</subfield></datafield><datafield ind1="1" ind2="4" tag="245"><subfield code="a">The Mountaineer.</subfield></datafield><datafield ind1=" " ind2=" " tag="260"><subfield code="a">Gorham, N.H. :</subfield><subfield code="b">V.V. Twitchell</subfield></datafield><datafield ind1=" " ind2=" " tag="300"><subfield code="a">v.</subfield></datafield><datafield ind1=" " ind2=" " tag="310"><subfield code="a">Weekly</subfield></datafield><datafield ind1="1" ind2=" " tag="362"><subfield code="a">Began Apr 6, 1877.</subfield></datafield><datafield ind1="0" ind2=" " tag="362"><subfield code="a">-Jan. 11, 1899.</subfield></datafield><datafield ind1=" " ind2=" " tag="588"><subfield code="a">Description based on: Vol. 1, no. 11 (June 15, 1877).</subfield></datafield><datafield ind1=" " ind2=" " tag="752"><subfield code="a">United States</subfield><subfield code="b">New Hampshire</subfield><subfield code="c">Coos</subfield><subfield code="d">Gorham.</subfield></datafield><datafield ind1="0" ind2="0" tag="785"><subfield code="t">Gorham mountaineer</subfield><subfield code="w">(DLC)sn 91063059</subfield></datafield><datafield ind1="1" ind2=" " tag="029"><subfield code="a">AU@</subfield><subfield code="b">000025790425</subfield></datafield></record>